<?xml version="1.0" encoding="UTF-8"?>
<record xmlns="http://www.loc.gov/MARC21/slim">
   <leader>00981cam a2200217 a 4500</leader>
   <controlfield tag="001">398759</controlfield>
   <controlfield tag="003">NjP</controlfield>
   <controlfield tag="005">20130502110127.0</controlfield>
   <controlfield tag="008">870921s1982    ir       i    00010 ara d</controlfield>
   <datafield tag="024" ind1="7" ind2=" ">
      <subfield code="a">princeton_aco004834</subfield>
      <subfield code="2">local</subfield>
   </datafield>
   <datafield ind1=" " ind2=" " tag="035">
      <subfield code="a">(OCoLC)61581038</subfield>
   </datafield>
   <datafield ind1=" " ind2=" " tag="035">
      <subfield code="a">(CStRLIN)NJPG87-B45973</subfield>
   </datafield>
   <datafield ind1=" " ind2=" " tag="035">
      <subfield code="9">ABX4254TS</subfield>
   </datafield>
   <datafield ind1=" " ind2=" " tag="040">
      <subfield code="a">NjP</subfield>
      <subfield code="c">NjP</subfield>
   </datafield>
   <datafield ind1="1" ind2=" " tag="100">
      <subfield code="a">Muṣṭafavī, Javād.</subfield>
   </datafield>
   <datafield ind1="1" ind2="3" tag="245">
      <subfield code="a">al-Taṭbīq bayna al-Safīnah wa-al-Biḥār bi-al-ṭabʻah al-jadīdah /</subfield>
      <subfield code="c">jamaʻahu wa-allafahu Jawād al-Muṣṭafawī ; ʻuniya bi-ṭabʻihi wa-nashrihi Āstān Quds Raḍawī.</subfield>
   </datafield>
   <datafield ind1=" " ind2=" " tag="260">
      <subfield code="a">[Meshed] :</subfield>
      <subfield code="b">Āstān-i Quds-i Raz̤avī,</subfield>
      <subfield code="c">1361 [1982 or 1983]</subfield>
   </datafield>
   <datafield ind1=" " ind2=" " tag="300">
      <subfield code="a">300 p. ;</subfield>
      <subfield code="c">25 cm.</subfield>
   </datafield>
   <datafield ind1=" " ind2=" " tag="500">
      <subfield code="a">A concordance of the old edition of Biḥār al-anwār with the new one.</subfield>
   </datafield>
   <datafield ind1="1" ind2="0" tag="600">
      <subfield code="a">Majlisī, Muḥammad Bāqir ibn Muḥammad Taqī,</subfield>
      <subfield code="d">1627 or 1628-approximately 1699.</subfield>
      <subfield code="t">Biḥār al-anwār</subfield>
      <subfield code="x">Indexes.</subfield>
   </datafield>
   <datafield ind1=" " ind2=" " tag="998">
      <subfield code="a">11/19/90</subfield>
      <subfield code="s">9118</subfield>
      <subfield code="n">NjP</subfield>
      <subfield code="w">NJPG87B45973</subfield>
      <subfield code="d">09/21/87</subfield>
      <subfield code="c">KVV</subfield>
      <subfield code="b">KVV</subfield>
      <subfield code="i">901119</subfield>
      <subfield code="l">NJPG</subfield>
   </datafield>
   <datafield ind1=" " ind2=" " tag="911">
      <subfield code="a">19921028</subfield>
   </datafield>
   <datafield ind1=" " ind2=" " tag="912">
      <subfield code="a">19910104000000.0</subfield>
   </datafield>
   <datafield ind1="8" ind2="0" tag="852">
      <subfield code="0">434811</subfield>
      <subfield code="b">rcppa</subfield>
      <subfield code="t">1</subfield>
      <subfield code="h">2469.61.8315</subfield>
      <subfield code="x">tr fr anxa</subfield>
   </datafield>
   <datafield ind1=" " ind2=" " tag="959">
      <subfield code="a">2000-06-13 00:00:00 -0400</subfield>
   </datafield>
</record>
